%% This BibTeX bibliography file was created using BibDesk.
%% http://bibdesk.sourceforge.net/


%% Created for Mark Huberty at 2011-12-14 12:52:57 -0800 


%% Saved with string encoding Unicode (UTF-8) 



@article{amable2000institutional,
	Author = {Amable, B.},
	Date-Added = {2011-12-13 20:54:07 -0800},
	Date-Modified = {2011-12-13 20:54:07 -0800},
	Journal = {Review of International Political Economy},
	Number = {4},
	Pages = {645--687},
	Publisher = {Taylor \& Francis},
	Title = {Institutional complementarity and diversity of social systems of innovation and production},
	Volume = {7},
	Year = {2000}}

@book{thelen2004institutions,
	Author = {Thelen, K.A.},
	Date-Added = {2011-12-13 20:52:41 -0800},
	Date-Modified = {2011-12-13 20:52:41 -0800},
	Publisher = {Cambridge Univ Pr},
	Title = {How institutions evolve: The political economy of skills in Germany, Britain, the United States, and Japan},
	Year = {2004}}

@article{angel1991high,
	Author = {Angel, D.P.},
	Date-Added = {2011-12-13 15:14:01 -0800},
	Date-Modified = {2011-12-13 15:14:01 -0800},
	Journal = {Environment and Planning A},
	Number = {10},
	Pages = {1501--1516},
	Publisher = {Pion Ltd, London},
	Title = {High-technology agglomeration and the labor market: the case of Silicon Valley},
	Volume = {23},
	Year = {1991}}

@article{casper2004managing,
	Author = {Casper, S. and Whitley, R.},
	Date-Added = {2011-12-13 15:10:29 -0800},
	Date-Modified = {2011-12-13 15:10:29 -0800},
	Journal = {Research Policy},
	Number = {1},
	Pages = {89--106},
	Publisher = {Elsevier},
	Title = {Managing competences in entrepreneurial technology firms: a comparative institutional analysis of Germany, Sweden and the UK},
	Volume = {33},
	Year = {2004},
	Bdsk-File-1 = {YnBsaXN0MDDUAQIDBAUGCQpYJHZlcnNpb25UJHRvcFkkYXJjaGl2ZXJYJG9iamVjdHMSAAGGoNEHCFRyb290gAFfEA9OU0tleWVkQXJjaGl2ZXKoCwwXGBkdJCVVJG51bGzTDQ4PEBEUViRjbGFzc1dOUy5rZXlzWk5TLm9iamVjdHOAB6ISE4ACgAOiFRaABIAGWWFsaWFzRGF0YVxyZWxhdGl2ZVBhdGjSDRobHFdOUy5kYXRhgAVPEQEsAAAAAAEsAAIAAARNQUlOAAAAAAAAAAAAAAAAAAAAAAAAAAAAAADKEsbYSCsAAAAEr+4OY2FzcGVyMjAwNC5wZGYAAAAAAAAAAAAAAAAAAAAAAAAAAAAAAAAAAAAAAAAAAAAAAAAAAAAAAAAAAAAAAAAAAOTRecsNG3EAAAAAAAAAAAABAAIAAAkgAAAAAAAAAAAAAAAAAAAABGJpYnMAEAAIAADKEylIAAAAEQAIAADLDYvxAAAAAQAEAASv7gACABhNQUlOOmJpYnM6Y2FzcGVyMjAwNC5wZGYADgAeAA4AYwBhAHMAcABlAHIAMgAwADAANAAuAHAAZABmAA8ACgAEAE0AQQBJAE4AEgATYmlicy9jYXNwZXIyMDA0LnBkZgAAEwABLwD//wAA0h4fICFYJGNsYXNzZXNaJGNsYXNzbmFtZaMhIiNdTlNNdXRhYmxlRGF0YVZOU0RhdGFYTlNPYmplY3ReY2FzcGVyMjAwNC5wZGbSHh8mJ6InI1xOU0RpY3Rpb25hcnkACAARABoAHwApADIANwA6AD8AQQBTAFwAYgBpAHAAeACDAIUAiACKAIwAjwCRAJMAnQCqAK8AtwC5AekB7gH3AgICBgIUAhsCJAIzAjgCOwAAAAAAAAIBAAAAAAAAACgAAAAAAAAAAAAAAAAAAAJI}}

@book{crouch2001skills,
	Author = {Crouch, C. and Finegold, D. and Sako, M.},
	Date-Added = {2011-12-13 15:06:37 -0800},
	Date-Modified = {2011-12-13 15:06:37 -0800},
	Publisher = {Oxford University Press, USA},
	Title = {Are skills the answer?: the political economy of skill creation in advanced industrial countries},
	Year = {2001}}

@article{attewell1992technology,
	Author = {Attewell, P.},
	Date-Added = {2011-12-13 15:03:08 -0800},
	Date-Modified = {2011-12-13 15:03:08 -0800},
	Journal = {Organization Science},
	Pages = {1--19},
	Publisher = {JSTOR},
	Title = {Technology diffusion and organizational learning: The case of business computing},
	Year = {1992}}

@article{lam1997embedded,
	Author = {Lam, A.},
	Date-Added = {2011-12-13 15:01:25 -0800},
	Date-Modified = {2011-12-13 15:01:25 -0800},
	Journal = {Organization studies},
	Number = {6},
	Pages = {973--996},
	Publisher = {Sage Publications},
	Title = {Embedded firms, embedded knowledge: Problems of collaboration and knowledge transfer in global cooperative ventures},
	Volume = {18},
	Year = {1997}}

@article{goldin1998origins,
	Author = {Goldin, C. and Katz, L.F.},
	Date-Added = {2011-12-13 15:01:02 -0800},
	Date-Modified = {2011-12-13 15:01:02 -0800},
	Journal = {The Quarterly Journal of Economics},
	Number = {3},
	Pages = {693},
	Publisher = {Oxford University Press},
	Title = {The origins of technology-skill complementarity},
	Volume = {113},
	Year = {1998}}

@article{casper1999can,
	Author = {Casper, S. and Lehrer, M. and Soskice, D.},
	Date-Added = {2011-12-13 15:00:53 -0800},
	Date-Modified = {2011-12-13 15:00:53 -0800},
	Journal = {Industry and Innovation},
	Number = {1},
	Pages = {5--24},
	Publisher = {Taylor \& Francis},
	Title = {Can high-technology industries prosper in Germany? Institutional frameworks and the evolution of the German software and biotechnology industries},
	Volume = {6},
	Year = {1999}}

@article{machin1998technology,
	Author = {Machin, S. and Van Reenen, J.},
	Date-Added = {2011-12-13 15:00:41 -0800},
	Date-Modified = {2011-12-13 15:00:41 -0800},
	Journal = {The Quarterly Journal of Economics},
	Number = {4},
	Pages = {1215},
	Publisher = {Oxford University Press},
	Title = {Technology and changes in skill structure: evidence from seven OECD countries},
	Volume = {113},
	Year = {1998}}
